@online{percorso-tirocinio,
  title = {Com'è strutturato il tirocinio / la tesi"},
  year = 2023,
  url = {http://gamificationlab.uniroma1.it/tirocini_e_tesi/struttura/},
  addendum = "(accessed: 12-06-2023)",
}

@online{Generocity,
  title = {Generocity},
  year = 2023,
  url = {https://www.generocity.it/},
  addendum = "(accessed: 12-06-2023)",
}

@online{GamificationLab,
  title = {GamificationLab},
  year = 2023,
  url = {http://gamificationlab.uniroma1.it/},
  addendum = "(accessed: 12-06-2023)",
}

@online{Go,
  title = {Go},
  year = 2023,
  url = {https://go.dev/},
  addendum = "(accessed: 22-06-2023)",
}

@online{GitLab,
  title = {GitLab},
  year = 2023,
  url = {https://about.gitlab.com/},
  addendum = "(accessed: 23-06-2023)",
}

@online{Git,
  title = {Git},
  year = 2023,
  url = {https://git-scm.com/},
  addendum = "(accessed: 23-06-2023)",
}

@online{Go116,
  title = {Go 1.16},
  year = 2023,
  url = {https://go.dev/doc/go1.16},
  addendum = "(accessed: 13-06-2023)",
}

@online{Go113,
  title = {Go 1.13},
  year = 2023,
  url = {https://go.dev/blog/go1.13-errors},
  addendum = "(accessed: 14-06-2023)",
}

@online{Linters,
  title = {Linters},
  year = 2023,
  url = {https://golangci-lint.run/usage/linters/},
  addendum = "(accessed: 22-06-2023)",
}

@online{TesiMW,
  title = {Progettazione e Sviluppo di bot per l’applicazione Generocity},
  year = 2023,
  Author={Marco Wang}
}

@online{Goroutine,
  title = {Goroutine},
  year = 2023,
  url = {https://go.dev/tour/concurrency/1},
  addendum = "(accessed: 23-06-2023)",
}


@online{OpenStreetMap,
  title = {OpenStreetMap API},
  year = 2023,
  url = {https://wiki.openstreetmap.org/wiki/Overpass_API},
  addendum = "(accessed: 18-06-2023)",
}

@online{osmr,
  title = {Osmr project},
  year = 2023,
  url = {http://project-osrm.org/docs/v5.5.1/api/#general-options},
  addendum = "(accessed: 19-06-2023)",
}


@online{gojuno,
  title = {Gojuno library},
  year = 2023,
  url = {https://github.com/gojuno/go.osrm},
  addendum = "(accessed: 19-06-2023)",
}


@online{leafletjs,
  title = {Leafletjs},
  year = 2023,
  url = {https://leafletjs.com/},
  addendum = "(accessed: 20-06-2023)",
}




